<?xml version="1.0" encoding="UTF-8"?><collection xmlns="http://www.loc.gov/MARC21/slim"><record><leader>00491nam--2200169-u-4500</leader><controlfield tag="001">000056610</controlfield><controlfield tag="002">20161230</controlfield><controlfield tag="005">20161230201052</controlfield><controlfield tag="008">160329s1000------------r-----000-0-eng-d</controlfield><datafield ind1=" " ind2=" " tag="040"><subfield code="a">IFIN-HH</subfield></datafield><datafield ind1=" " ind2=" " tag="080"><subfield code="a">53</subfield></datafield><datafield ind1="1" ind2=" " tag="100"><subfield code="a">Shimanouchi, Takehiko</subfield></datafield><datafield ind1="1" ind2="0" tag="245"><subfield code="a">Tables of Molecular Vibrational Frequencies Part 1. NSRDS-NBS 6</subfield><subfield code="c">Takehiko Shimanouchi</subfield></datafield><datafield ind1=" " ind2=" " tag="260"><subfield code="a">washington, D.C</subfield><subfield code="b">National Bureau of Standards</subfield><subfield code="c">1967</subfield></datafield><datafield ind1=" " ind2=" " tag="300"><subfield code="a">iv+56p</subfield></datafield><datafield ind1=" " ind2=" " tag="852"><subfield code="a">33690</subfield><subfield code="c">53.081</subfield></datafield><datafield ind1=" " ind2=" " tag="CAT"><subfield code="a">Sys</subfield><subfield code="c">20160329</subfield><subfield code="h">151052</subfield></datafield></record></collection>